%YAML 1.1
%TAG !u! tag:unity3d.com,2011:
--- !u!1 &137608081909687155
GameObject:
  m_ObjectHideFlags: 0
  m_CorrespondingSourceObject: {fileID: 0}
  m_PrefabInstance: {fileID: 0}
  m_PrefabAsset: {fileID: 0}
  serializedVersion: 6
  m_Component:
  - component: {fileID: 6799325151690726239}
  - component: {fileID: 4379473150207772656}
  - component: {fileID: 6011586396519015851}
  - component: {fileID: 1245525303243237940}
  m_Layer: 0
  m_Name: Object001 (1)
  m_TagString: Untagged
  m_Icon: {fileID: 0}
  m_NavMeshLayer: 0
  m_StaticEditorFlags: 0
  m_IsActive: 1
--- !u!4 &6799325151690726239
Transform:
  m_ObjectHideFlags: 0
  m_CorrespondingSourceObject: {fileID: 0}
  m_PrefabInstance: {fileID: 0}
  m_PrefabAsset: {fileID: 0}
  m_GameObject: {fileID: 137608081909687155}
  m_LocalRotation: {x: 0, y: 0.7071068, z: 0.7071068, w: 0}
  m_LocalPosition: {x: 1.78, y: 10, z: -0.01}
  m_LocalScale: {x: 1, y: 1, z: 1}
  m_Children: []
  m_Father: {fileID: 2861195962546873069}
  m_RootOrder: 4
  m_LocalEulerAnglesHint: {x: -90.00001, y: 0, z: 180}
--- !u!33 &4379473150207772656
MeshFilter:
  m_ObjectHideFlags: 0
  m_CorrespondingSourceObject: {fileID: 0}
  m_PrefabInstance: {fileID: 0}
  m_PrefabAsset: {fileID: 0}
  m_GameObject: {fileID: 137608081909687155}
  m_Mesh: {fileID: 4300006, guid: f8679177c18806c4a81d50200ccded17, type: 3}
--- !u!23 &6011586396519015851
MeshRenderer:
  m_ObjectHideFlags: 0
  m_CorrespondingSourceObject: {fileID: 0}
  m_PrefabInstance: {fileID: 0}
  m_PrefabAsset: {fileID: 0}
  m_GameObject: {fileID: 137608081909687155}
  m_Enabled: 1
  m_CastShadows: 1
  m_ReceiveShadows: 1
  m_DynamicOccludee: 1
  m_MotionVectors: 1
  m_LightProbeUsage: 1
  m_ReflectionProbeUsage: 1
  m_RayTracingMode: 2
  m_RenderingLayerMask: 1
  m_RendererPriority: 0
  m_Materials:
  - {fileID: 2100000, guid: b7c2fcee6fb68b64f8a3840ec8b707b6, type: 2}
  - {fileID: 2100000, guid: 3501b083da555e549a76a3cfa200139a, type: 2}
  - {fileID: 2100000, guid: 5b5a8acedf625944396cff4e72158328, type: 2}
  - {fileID: 2100000, guid: 454528e4b11a519449db0466a28bbabd, type: 2}
  - {fileID: 2100000, guid: ce9c265642d22cf4eaf212e90fb91f13, type: 2}
  - {fileID: 2100000, guid: be4415992f193004b8846dfa24dc43ae, type: 2}
  - {fileID: 2100000, guid: 6f0fe590c8119fe4b8ad7e316167d970, type: 2}
  - {fileID: 2100000, guid: 3d882ed105bf6f843bb32a45c4297249, type: 2}
  - {fileID: 2100000, guid: e91083ed3e4e40b43a3bfcf362200e55, type: 2}
  - {fileID: 2100000, guid: a67f31dfec578334e8a5d6363d67e13a, type: 2}
  - {fileID: 2100000, guid: 1d6381055e70fd246bd0bcc43d4f0cc0, type: 2}
  - {fileID: 2100000, guid: fe7df5b627e4beb4b8c7b7c1023f1f1a, type: 2}
  - {fileID: 2100000, guid: e8a57667a8aba6746806ee07717ed319, type: 2}
  m_StaticBatchInfo:
    firstSubMesh: 0
    subMeshCount: 0
  m_StaticBatchRoot: {fileID: 0}
  m_ProbeAnchor: {fileID: 0}
  m_LightProbeVolumeOverride: {fileID: 0}
  m_ScaleInLightmap: 1
  m_ReceiveGI: 1
  m_PreserveUVs: 0
  m_IgnoreNormalsForChartDetection: 0
  m_ImportantGI: 0
  m_StitchLightmapSeams: 0
  m_SelectedEditorRenderState: 3
  m_MinimumChartSize: 4
  m_AutoUVMaxDistance: 0.5
  m_AutoUVMaxAngle: 89
  m_LightmapParameters: {fileID: 0}
  m_SortingLayerID: 0
  m_SortingLayer: 0
  m_SortingOrder: 0
--- !u!65 &1245525303243237940
BoxCollider:
  m_ObjectHideFlags: 0
  m_CorrespondingSourceObject: {fileID: 0}
  m_PrefabInstance: {fileID: 0}
  m_PrefabAsset: {fileID: 0}
  m_GameObject: {fileID: 137608081909687155}
  m_Material: {fileID: 0}
  m_IsTrigger: 0
  m_Enabled: 1
  serializedVersion: 2
  m_Size: {x: 25.566998, y: 60.095264, z: 25.233953}
  m_Center: {x: 1.2834866, y: -30.04624, z: 2.6157806}
--- !u!1 &559667928950920722
GameObject:
  m_ObjectHideFlags: 0
  m_CorrespondingSourceObject: {fileID: 0}
  m_PrefabInstance: {fileID: 0}
  m_PrefabAsset: {fileID: 0}
  serializedVersion: 6
  m_Component:
  - component: {fileID: 3378395851529978395}
  - component: {fileID: 306276985976338199}
  - component: {fileID: 8856748343838748973}
  m_Layer: 0
  m_Name: Box001
  m_TagString: Untagged
  m_Icon: {fileID: 0}
  m_NavMeshLayer: 0
  m_StaticEditorFlags: 0
  m_IsActive: 1
--- !u!4 &3378395851529978395
Transform:
  m_ObjectHideFlags: 0
  m_CorrespondingSourceObject: {fileID: 0}
  m_PrefabInstance: {fileID: 0}
  m_PrefabAsset: {fileID: 0}
  m_GameObject: {fileID: 559667928950920722}
  m_LocalRotation: {x: 0.000000015454312, y: 0.7071067, z: -0.000000015454308, w: 0.7071068}
  m_LocalPosition: {x: 11.53049, y: 16.288614, z: 0}
  m_LocalScale: {x: 1, y: 1, z: 1}
  m_Children: []
  m_Father: {fileID: 2861195962546873069}
  m_RootOrder: 0
  m_LocalEulerAnglesHint: {x: 0, y: 0, z: 0}
--- !u!33 &306276985976338199
MeshFilter:
  m_ObjectHideFlags: 0
  m_CorrespondingSourceObject: {fileID: 0}
  m_PrefabInstance: {fileID: 0}
  m_PrefabAsset: {fileID: 0}
  m_GameObject: {fileID: 559667928950920722}
  m_Mesh: {fileID: 4300004, guid: f8679177c18806c4a81d50200ccded17, type: 3}
--- !u!23 &8856748343838748973
MeshRenderer:
  m_ObjectHideFlags: 0
  m_CorrespondingSourceObject: {fileID: 0}
  m_PrefabInstance: {fileID: 0}
  m_PrefabAsset: {fileID: 0}
  m_GameObject: {fileID: 559667928950920722}
  m_Enabled: 1
  m_CastShadows: 1
  m_ReceiveShadows: 1
  m_DynamicOccludee: 1
  m_MotionVectors: 1
  m_LightProbeUsage: 1
  m_ReflectionProbeUsage: 1
  m_RayTracingMode: 2
  m_RenderingLayerMask: 1
  m_RendererPriority: 0
  m_Materials:
  - {fileID: 2100000, guid: df5867476f341234886ca726944dfc07, type: 2}
  m_StaticBatchInfo:
    firstSubMesh: 0
    subMeshCount: 0
  m_StaticBatchRoot: {fileID: 0}
  m_ProbeAnchor: {fileID: 0}
  m_LightProbeVolumeOverride: {fileID: 0}
  m_ScaleInLightmap: 1
  m_ReceiveGI: 1
  m_PreserveUVs: 0
  m_IgnoreNormalsForChartDetection: 0
  m_ImportantGI: 0
  m_StitchLightmapSeams: 0
  m_SelectedEditorRenderState: 3
  m_MinimumChartSize: 4
  m_AutoUVMaxDistance: 0.5
  m_AutoUVMaxAngle: 89
  m_LightmapParameters: {fileID: 0}
  m_SortingLayerID: 0
  m_SortingLayer: 0
  m_SortingOrder: 0
--- !u!1 &1141855976174863367
GameObject:
  m_ObjectHideFlags: 0
  m_CorrespondingSourceObject: {fileID: 0}
  m_PrefabInstance: {fileID: 0}
  m_PrefabAsset: {fileID: 0}
  serializedVersion: 6
  m_Component:
  - component: {fileID: 3182719094613140273}
  - component: {fileID: 1452771567054916085}
  - component: {fileID: 8940912872770287931}
  - component: {fileID: 6595451861419863330}
  m_Layer: 0
  m_Name: Plane001
  m_TagString: Untagged
  m_Icon: {fileID: 0}
  m_NavMeshLayer: 0
  m_StaticEditorFlags: 0
  m_IsActive: 1
--- !u!4 &3182719094613140273
Transform:
  m_ObjectHideFlags: 0
  m_CorrespondingSourceObject: {fileID: 0}
  m_PrefabInstance: {fileID: 0}
  m_PrefabAsset: {fileID: 0}
  m_GameObject: {fileID: 1141855976174863367}
  m_LocalRotation: {x: -0.7071068, y: 0, z: -0, w: 0.7071068}
  m_LocalPosition: {x: -0, y: 10, z: 0}
  m_LocalScale: {x: 1, y: 1, z: 1}
  m_Children: []
  m_Father: {fileID: 2861195962546873069}
  m_RootOrder: 2
  m_LocalEulerAnglesHint: {x: 0, y: 0, z: 0}
--- !u!33 &1452771567054916085
MeshFilter:
  m_ObjectHideFlags: 0
  m_CorrespondingSourceObject: {fileID: 0}
  m_PrefabInstance: {fileID: 0}
  m_PrefabAsset: {fileID: 0}
  m_GameObject: {fileID: 1141855976174863367}
  m_Mesh: {fileID: 4300000, guid: f8679177c18806c4a81d50200ccded17, type: 3}
--- !u!23 &8940912872770287931
MeshRenderer:
  m_ObjectHideFlags: 0
  m_CorrespondingSourceObject: {fileID: 0}
  m_PrefabInstance: {fileID: 0}
  m_PrefabAsset: {fileID: 0}
  m_GameObject: {fileID: 1141855976174863367}
  m_Enabled: 1
  m_CastShadows: 0
  m_ReceiveShadows: 1
  m_DynamicOccludee: 1
  m_MotionVectors: 1
  m_LightProbeUsage: 1
  m_ReflectionProbeUsage: 1
  m_RayTracingMode: 2
  m_RenderingLayerMask: 1
  m_RendererPriority: 0
  m_Materials:
  - {fileID: 2100000, guid: b7c2fcee6fb68b64f8a3840ec8b707b6, type: 2}
  - {fileID: 2100000, guid: 3501b083da555e549a76a3cfa200139a, type: 2}
  - {fileID: 2100000, guid: 5b5a8acedf625944396cff4e72158328, type: 2}
  - {fileID: 2100000, guid: 454528e4b11a519449db0466a28bbabd, type: 2}
  - {fileID: 2100000, guid: ce9c265642d22cf4eaf212e90fb91f13, type: 2}
  - {fileID: 2100000, guid: be4415992f193004b8846dfa24dc43ae, type: 2}
  - {fileID: 2100000, guid: 6f0fe590c8119fe4b8ad7e316167d970, type: 2}
  - {fileID: 2100000, guid: 3d882ed105bf6f843bb32a45c4297249, type: 2}
  - {fileID: 2100000, guid: e91083ed3e4e40b43a3bfcf362200e55, type: 2}
  - {fileID: 2100000, guid: a67f31dfec578334e8a5d6363d67e13a, type: 2}
  - {fileID: 2100000, guid: 1d6381055e70fd246bd0bcc43d4f0cc0, type: 2}
  - {fileID: 2100000, guid: fe7df5b627e4beb4b8c7b7c1023f1f1a, type: 2}
  - {fileID: 2100000, guid: e8a57667a8aba6746806ee07717ed319, type: 2}
  m_StaticBatchInfo:
    firstSubMesh: 0
    subMeshCount: 0
  m_StaticBatchRoot: {fileID: 0}
  m_ProbeAnchor: {fileID: 0}
  m_LightProbeVolumeOverride: {fileID: 0}
  m_ScaleInLightmap: 1
  m_ReceiveGI: 1
  m_PreserveUVs: 0
  m_IgnoreNormalsForChartDetection: 0
  m_ImportantGI: 0
  m_StitchLightmapSeams: 0
  m_SelectedEditorRenderState: 3
  m_MinimumChartSize: 4
  m_AutoUVMaxDistance: 0.5
  m_AutoUVMaxAngle: 89
  m_LightmapParameters: {fileID: 0}
  m_SortingLayerID: 0
  m_SortingLayer: 0
  m_SortingOrder: 0
--- !u!65 &6595451861419863330
BoxCollider:
  m_ObjectHideFlags: 0
  m_CorrespondingSourceObject: {fileID: 0}
  m_PrefabInstance: {fileID: 0}
  m_PrefabAsset: {fileID: 0}
  m_GameObject: {fileID: 1141855976174863367}
  m_Material: {fileID: 0}
  m_IsTrigger: 0
  m_Enabled: 1
  serializedVersion: 2
  m_Size: {x: 25.566986, y: 60.095257, z: 25.233938}
  m_Center: {x: 1.2834879, y: 30.046225, z: 2.6157734}
--- !u!1 &1704414899756500542
GameObject:
  m_ObjectHideFlags: 0
  m_CorrespondingSourceObject: {fileID: 0}
  m_PrefabInstance: {fileID: 0}
  m_PrefabAsset: {fileID: 0}
  serializedVersion: 6
  m_Component:
  - component: {fileID: 1759625704103065784}
  - component: {fileID: 7736526517490892227}
  - component: {fileID: 8454848823709052511}
  - component: {fileID: 1754722494550679842}
  m_Layer: 0
  m_Name: Object001
  m_TagString: Untagged
  m_Icon: {fileID: 0}
  m_NavMeshLayer: 0
  m_StaticEditorFlags: 0
  m_IsActive: 1
--- !u!4 &1759625704103065784
Transform:
  m_ObjectHideFlags: 0
  m_CorrespondingSourceObject: {fileID: 0}
  m_PrefabInstance: {fileID: 0}
  m_PrefabAsset: {fileID: 0}
  m_GameObject: {fileID: 1704414899756500542}
  m_LocalRotation: {x: -0.7071068, y: 0, z: -0, w: 0.7071068}
  m_LocalPosition: {x: -0, y: 10, z: 0}
  m_LocalScale: {x: 1, y: 1, z: 1}
  m_Children: []
  m_Father: {fileID: 2861195962546873069}
  m_RootOrder: 1
  m_LocalEulerAnglesHint: {x: 0, y: 0, z: 0}
--- !u!33 &7736526517490892227
MeshFilter:
  m_ObjectHideFlags: 0
  m_CorrespondingSourceObject: {fileID: 0}
  m_PrefabInstance: {fileID: 0}
  m_PrefabAsset: {fileID: 0}
  m_GameObject: {fileID: 1704414899756500542}
  m_Mesh: {fileID: 4300006, guid: f8679177c18806c4a81d50200ccded17, type: 3}
--- !u!23 &8454848823709052511
MeshRenderer:
  m_ObjectHideFlags: 0
  m_CorrespondingSourceObject: {fileID: 0}
  m_PrefabInstance: {fileID: 0}
  m_PrefabAsset: {fileID: 0}
  m_GameObject: {fileID: 1704414899756500542}
  m_Enabled: 1
  m_CastShadows: 1
  m_ReceiveShadows: 1
  m_DynamicOccludee: 1
  m_MotionVectors: 1
  m_LightProbeUsage: 1
  m_ReflectionProbeUsage: 1
  m_RayTracingMode: 2
  m_RenderingLayerMask: 1
  m_RendererPriority: 0
  m_Materials:
  - {fileID: 2100000, guid: b7c2fcee6fb68b64f8a3840ec8b707b6, type: 2}
  - {fileID: 2100000, guid: 3501b083da555e549a76a3cfa200139a, type: 2}
  - {fileID: 2100000, guid: 5b5a8acedf625944396cff4e72158328, type: 2}
  - {fileID: 2100000, guid: 454528e4b11a519449db0466a28bbabd, type: 2}
  - {fileID: 2100000, guid: ce9c265642d22cf4eaf212e90fb91f13, type: 2}
  - {fileID: 2100000, guid: be4415992f193004b8846dfa24dc43ae, type: 2}
  - {fileID: 2100000, guid: 6f0fe590c8119fe4b8ad7e316167d970, type: 2}
  - {fileID: 2100000, guid: 3d882ed105bf6f843bb32a45c4297249, type: 2}
  - {fileID: 2100000, guid: e91083ed3e4e40b43a3bfcf362200e55, type: 2}
  - {fileID: 2100000, guid: a67f31dfec578334e8a5d6363d67e13a, type: 2}
  - {fileID: 2100000, guid: 1d6381055e70fd246bd0bcc43d4f0cc0, type: 2}
  - {fileID: 2100000, guid: fe7df5b627e4beb4b8c7b7c1023f1f1a, type: 2}
  - {fileID: 2100000, guid: e8a57667a8aba6746806ee07717ed319, type: 2}
  m_StaticBatchInfo:
    firstSubMesh: 0
    subMeshCount: 0
  m_StaticBatchRoot: {fileID: 0}
  m_ProbeAnchor: {fileID: 0}
  m_LightProbeVolumeOverride: {fileID: 0}
  m_ScaleInLightmap: 1
  m_ReceiveGI: 1
  m_PreserveUVs: 0
  m_IgnoreNormalsForChartDetection: 0
  m_ImportantGI: 0
  m_StitchLightmapSeams: 0
  m_SelectedEditorRenderState: 3
  m_MinimumChartSize: 4
  m_AutoUVMaxDistance: 0.5
  m_AutoUVMaxAngle: 89
  m_LightmapParameters: {fileID: 0}
  m_SortingLayerID: 0
  m_SortingLayer: 0
  m_SortingOrder: 0
--- !u!65 &1754722494550679842
BoxCollider:
  m_ObjectHideFlags: 0
  m_CorrespondingSourceObject: {fileID: 0}
  m_PrefabInstance: {fileID: 0}
  m_PrefabAsset: {fileID: 0}
  m_GameObject: {fileID: 1704414899756500542}
  m_Material: {fileID: 0}
  m_IsTrigger: 0
  m_Enabled: 1
  serializedVersion: 2
  m_Size: {x: 25.566986, y: 60.095257, z: 25.233938}
  m_Center: {x: 1.2834879, y: -30.046225, z: 2.6157734}
--- !u!1 &5608429568423404826
GameObject:
  m_ObjectHideFlags: 0
  m_CorrespondingSourceObject: {fileID: 0}
  m_PrefabInstance: {fileID: 0}
  m_PrefabAsset: {fileID: 0}
  serializedVersion: 6
  m_Component:
  - component: {fileID: 2939407831127621727}
  - component: {fileID: 3227690437236489132}
  - component: {fileID: 8839960161827315740}
  - component: {fileID: 3357158451378004278}
  m_Layer: 0
  m_Name: Plane001 (1)
  m_TagString: Untagged
  m_Icon: {fileID: 0}
  m_NavMeshLayer: 0
  m_StaticEditorFlags: 0
  m_IsActive: 1
--- !u!4 &2939407831127621727
Transform:
  m_ObjectHideFlags: 0
  m_CorrespondingSourceObject: {fileID: 0}
  m_PrefabInstance: {fileID: 0}
  m_PrefabAsset: {fileID: 0}
  m_GameObject: {fileID: 5608429568423404826}
  m_LocalRotation: {x: 0, y: 0.7071068, z: 0.7071068, w: 0}
  m_LocalPosition: {x: 1.82, y: 9.999999, z: -0.13}
  m_LocalScale: {x: 1, y: 1, z: 1}
  m_Children: []
  m_Father: {fileID: 2861195962546873069}
  m_RootOrder: 3
  m_LocalEulerAnglesHint: {x: -90.00001, y: 0, z: 180}
--- !u!33 &3227690437236489132
MeshFilter:
  m_ObjectHideFlags: 0
  m_CorrespondingSourceObject: {fileID: 0}
  m_PrefabInstance: {fileID: 0}
  m_PrefabAsset: {fileID: 0}
  m_GameObject: {fileID: 5608429568423404826}
  m_Mesh: {fileID: 4300000, guid: f8679177c18806c4a81d50200ccded17, type: 3}
--- !u!23 &8839960161827315740
MeshRenderer:
  m_ObjectHideFlags: 0
  m_CorrespondingSourceObject: {fileID: 0}
  m_PrefabInstance: {fileID: 0}
  m_PrefabAsset: {fileID: 0}
  m_GameObject: {fileID: 5608429568423404826}
  m_Enabled: 1
  m_CastShadows: 0
  m_ReceiveShadows: 1
  m_DynamicOccludee: 1
  m_MotionVectors: 1
  m_LightProbeUsage: 1
  m_ReflectionProbeUsage: 1
  m_RayTracingMode: 2
  m_RenderingLayerMask: 1
  m_RendererPriority: 0
  m_Materials:
  - {fileID: 2100000, guid: b7c2fcee6fb68b64f8a3840ec8b707b6, type: 2}
  - {fileID: 2100000, guid: 3501b083da555e549a76a3cfa200139a, type: 2}
  - {fileID: 2100000, guid: 5b5a8acedf625944396cff4e72158328, type: 2}
  - {fileID: 2100000, guid: 454528e4b11a519449db0466a28bbabd, type: 2}
  - {fileID: 2100000, guid: ce9c265642d22cf4eaf212e90fb91f13, type: 2}
  - {fileID: 2100000, guid: be4415992f193004b8846dfa24dc43ae, type: 2}
  - {fileID: 2100000, guid: 6f0fe590c8119fe4b8ad7e316167d970, type: 2}
  - {fileID: 2100000, guid: 3d882ed105bf6f843bb32a45c4297249, type: 2}
  - {fileID: 2100000, guid: e91083ed3e4e40b43a3bfcf362200e55, type: 2}
  - {fileID: 2100000, guid: a67f31dfec578334e8a5d6363d67e13a, type: 2}
  - {fileID: 2100000, guid: 1d6381055e70fd246bd0bcc43d4f0cc0, type: 2}
  - {fileID: 2100000, guid: fe7df5b627e4beb4b8c7b7c1023f1f1a, type: 2}
  - {fileID: 2100000, guid: e8a57667a8aba6746806ee07717ed319, type: 2}
  m_StaticBatchInfo:
    firstSubMesh: 0
    subMeshCount: 0
  m_StaticBatchRoot: {fileID: 0}
  m_ProbeAnchor: {fileID: 0}
  m_LightProbeVolumeOverride: {fileID: 0}
  m_ScaleInLightmap: 1
  m_ReceiveGI: 1
  m_PreserveUVs: 0
  m_IgnoreNormalsForChartDetection: 0
  m_ImportantGI: 0
  m_StitchLightmapSeams: 0
  m_SelectedEditorRenderState: 3
  m_MinimumChartSize: 4
  m_AutoUVMaxDistance: 0.5
  m_AutoUVMaxAngle: 89
  m_LightmapParameters: {fileID: 0}
  m_SortingLayerID: 0
  m_SortingLayer: 0
  m_SortingOrder: 0
--- !u!65 &3357158451378004278
BoxCollider:
  m_ObjectHideFlags: 0
  m_CorrespondingSourceObject: {fileID: 0}
  m_PrefabInstance: {fileID: 0}
  m_PrefabAsset: {fileID: 0}
  m_GameObject: {fileID: 5608429568423404826}
  m_Material: {fileID: 0}
  m_IsTrigger: 0
  m_Enabled: 1
  serializedVersion: 2
  m_Size: {x: 25.566998, y: 60.095264, z: 25.233953}
  m_Center: {x: 1.2834866, y: 30.04624, z: 2.6157644}
--- !u!1 &7939744397486499649
GameObject:
  m_ObjectHideFlags: 0
  m_CorrespondingSourceObject: {fileID: 0}
  m_PrefabInstance: {fileID: 0}
  m_PrefabAsset: {fileID: 0}
  serializedVersion: 6
  m_Component:
  - component: {fileID: 2861195962546873069}
  m_Layer: 0
  m_Name: Station
  m_TagString: Untagged
  m_Icon: {fileID: 0}
  m_NavMeshLayer: 0
  m_StaticEditorFlags: 0
  m_IsActive: 1
--- !u!4 &2861195962546873069
Transform:
  m_ObjectHideFlags: 0
  m_CorrespondingSourceObject: {fileID: 0}
  m_PrefabInstance: {fileID: 0}
  m_PrefabAsset: {fileID: 0}
  m_GameObject: {fileID: 7939744397486499649}
  m_LocalRotation: {x: -0, y: 0.6935459, z: -0, w: 0.7204125}
  m_LocalPosition: {x: 66.63, y: -0.059280396, z: 12.740001}
  m_LocalScale: {x: 0.45000017, y: 0.45, z: 0.45000017}
  m_Children:
  - {fileID: 3378395851529978395}
  - {fileID: 1759625704103065784}
  - {fileID: 3182719094613140273}
  - {fileID: 2939407831127621727}
  - {fileID: 6799325151690726239}
  m_Father: {fileID: 0}
  m_RootOrder: 0
  m_LocalEulerAnglesHint: {x: 0, y: 87.823006, z: 0}
